%% This BibTeX bibliography file was created using BibDesk.
%% http://bibdesk.sourceforge.net/


%% Created for Tiago Proenca at 2011-03-14 17:00:40 -0700 


%% Saved with string encoding Unicode (UTF-8) 



@inproceedings{Chen:2006,
	Acmid = {1137626},
	Address = {New York, NY, USA},
	Author = {Van der Westhuizen, Christopher and Chen, Ping H. and van der Hoek, Andr\'{e}},
	Booktitle = {Proceedings of the 2006 international workshop on Role of abstraction in software engineering},
	Date-Added = {2011-03-14 17:00:14 -0700},
	Date-Modified = {2011-03-14 17:00:40 -0700},
	Doi = {http://doi.acm.org/10.1145/1137620.1137626},
	Isbn = {1-59593-401-4},
	Keywords = {abstraction, awareness, coordination, design, emerging design, reverse engineering},
	Location = {Shanghai, China},
	Numpages = {6},
	Pages = {23--28},
	Publisher = {ACM},
	Series = {ROA '06},
	Title = {Emerging design: new roles and uses for abstraction},
	Url = {http://doi.acm.org/10.1145/1137620.1137626},
	Year = {2006},
	Bdsk-Url-1 = {http://doi.acm.org/10.1145/1137620.1137626}}

@proceedings{Booch:2003,
	Author = {G. Booch and A Brown},
	Date-Added = {2011-03-14 15:14:21 -0700},
	Date-Modified = {2011-03-14 15:18:13 -0700},
	Journal = {Advances in Computers},
	Month = {August},
	Publisher = {Academic Press},
	Title = {Collaborative Development Enviroments},
	Volume = {59},
	Year = {2003}}

@inproceedings{Cheng:2003,
	Acmid = {965670},
	Address = {New York, NY, USA},
	Author = {Cheng, Li-Te and Hupfer, Susanne and Ross, Steven and Patterson, John},
	Booktitle = {Proceedings of the 2003 OOPSLA workshop on eclipse technology eXchange},
	Date-Added = {2011-03-14 15:07:02 -0700},
	Date-Modified = {2011-03-14 15:07:34 -0700},
	Doi = {http://doi.acm.org/10.1145/965660.965670},
	Location = {Anaheim, California},
	Numpages = {5},
	Pages = {45--49},
	Publisher = {ACM},
	Series = {eclipse '03},
	Title = {Jazzing up Eclipse with collaborative tools},
	Url = {http://doi.acm.org/10.1145/965660.965670},
	Year = {2003},
	Bdsk-Url-1 = {http://doi.acm.org/10.1145/965660.965670}}
