%% This BibTeX bibliography file was created using BibDesk.
%% http://bibdesk.sourceforge.net/


%% Created for Tiago Proenca at 2011-05-04 08:02:20 -0700 


%% Saved with string encoding Unicode (UTF-8) 



@inproceedings{Hattori:2010,
	Acmid = {1810339},
	Address = {New York, NY, USA},
	Author = {Hattori, Lile and Lanza, Michele},
	Booktitle = {Proceedings of the 32nd ACM/IEEE International Conference on Software Engineering - Volume 2},
	Date-Added = {2011-05-04 08:00:26 -0700},
	Date-Modified = {2011-05-04 08:00:37 -0700},
	Doi = {http://doi.acm.org/10.1145/1810295.1810339},
	Isbn = {978-1-60558-719-6},
	Keywords = {Syde, awareness, change, collaboration, visualization},
	Location = {Cape Town, South Africa},
	Numpages = {4},
	Pages = {235--238},
	Publisher = {ACM},
	Series = {ICSE '10},
	Title = {Syde: a tool for collaborative software development},
	Url = {http://doi.acm.org/10.1145/1810295.1810339},
	Year = {2010},
	Bdsk-Url-1 = {http://doi.acm.org/10.1145/1810295.1810339}}

@inproceedings{schneider04interaction,
	Address = {Scotland},
	Author = {Schneider, K. and Gutwin, C. and Penner, R. and Paquette, D.},
	Citeulike-Article-Id = {216000},
	Date-Added = {2011-05-04 07:59:24 -0700},
	Date-Modified = {2011-05-04 07:59:24 -0700},
	Pdf = {research\Information Retrieval\navigation\code\schneider04interaction.pdf},
	Posted-At = {2005-06-01 20:46:24},
	Priority = {0},
	Publisher = {1st International Workshop on Mining Software Repositories},
	Title = {{Mining a Software Developer's Local Interaction History}},
	Year = {2004}}

@inproceedings{Hegde:2008,
	Acmid = {1642955},
	Address = {Washington, DC, USA},
	Author = {Hegde, R. and Dewan, P.},
	Booktitle = {Proceedings of the 2008 23rd IEEE/ACM International Conference on Automated Software Engineering},
	Date-Added = {2011-05-04 07:57:12 -0700},
	Date-Modified = {2011-05-04 07:57:20 -0700},
	Doi = {http://dx.doi.org/10.1109/ASE.2008.28},
	Isbn = {978-1-4244-2187-9},
	Keywords = {program element, stand-alone programming environment, ad-hoc collaboration-centered design, user-interface, distributed developer, team member},
	Numpages = {10},
	Pages = {178--187},
	Publisher = {IEEE Computer Society},
	Series = {ASE '08},
	Title = {Connecting Programming Environments to Support Ad-Hoc Collaboration},
	Url = {http://dx.doi.org/10.1109/ASE.2008.28},
	Year = {2008},
	Bdsk-Url-1 = {http://dx.doi.org/10.1109/ASE.2008.28}}

@inproceedings{Biehl:2007,
	Acmid = {1240823},
	Address = {New York, NY, USA},
	Author = {Biehl, Jacob T. and Czerwinski, Mary and Smith, Greg and Robertson, George G.},
	Booktitle = {Proceedings of the SIGCHI conference on Human factors in computing systems},
	Date-Added = {2011-05-04 07:56:12 -0700},
	Date-Modified = {2011-05-04 07:56:18 -0700},
	Doi = {http://doi.acm.org/10.1145/1240624.1240823},
	Isbn = {978-1-59593-593-9},
	Keywords = {awareness, collaborative programming, field study, large display, visualization},
	Location = {San Jose, California, USA},
	Numpages = {10},
	Pages = {1313--1322},
	Publisher = {ACM},
	Series = {CHI '07},
	Title = {FASTDash: a visual dashboard for fostering awareness in software teams},
	Url = {http://doi.acm.org/10.1145/1240624.1240823},
	Year = {2007},
	Bdsk-Url-1 = {http://doi.acm.org/10.1145/1240624.1240823}}

@inproceedings{Fritz:2010,
	Acmid = {1806856},
	Address = {New York, NY, USA},
	Author = {Fritz, Thomas and Ou, Jingwen and Murphy, Gail C. and Murphy-Hill, Emerson},
	Booktitle = {Proceedings of the 32nd ACM/IEEE International Conference on Software Engineering - Volume 1},
	Date-Added = {2011-05-04 07:50:30 -0700},
	Date-Modified = {2011-05-04 07:50:39 -0700},
	Doi = {http://doi.acm.org/10.1145/1806799.1806856},
	Isbn = {978-1-60558-719-6},
	Keywords = {authorship, degree-of-interest, degree-of-knowledge, expertise, interaction, onboarding, recommendation},
	Location = {Cape Town, South Africa},
	Numpages = {10},
	Pages = {385--394},
	Publisher = {ACM},
	Series = {ICSE '10},
	Title = {A degree-of-knowledge model to capture source code familiarity},
	Url = {http://doi.acm.org/10.1145/1806799.1806856},
	Year = {2010},
	Bdsk-Url-1 = {http://doi.acm.org/10.1145/1806799.1806856}}

@inproceedings{Mockus:2002,
	Acmid = {581401},
	Address = {New York, NY, USA},
	Author = {Mockus, Audris and Herbsleb, James D.},
	Booktitle = {Proceedings of the 24th International Conference on Software Engineering},
	Date-Added = {2011-05-04 07:44:23 -0700},
	Date-Modified = {2011-05-04 07:44:30 -0700},
	Doi = {http://doi.acm.org/10.1145/581339.581401},
	Isbn = {1-58113-472-X},
	Location = {Orlando, Florida},
	Numpages = {10},
	Pages = {503--512},
	Publisher = {ACM},
	Series = {ICSE '02},
	Title = {Expertise browser: a quantitative approach to identifying expertise},
	Url = {http://doi.acm.org/10.1145/581339.581401},
	Year = {2002},
	Bdsk-Url-1 = {http://doi.acm.org/10.1145/581339.581401}}

@inproceedings{Kersten:2006,
	Acmid = {1181777},
	Address = {New York, NY, USA},
	Author = {Kersten, Mik and Murphy, Gail C.},
	Booktitle = {Proceedings of the 14th ACM SIGSOFT international symposium on Foundations of software engineering},
	Date-Added = {2011-05-04 07:42:42 -0700},
	Date-Modified = {2011-05-04 07:42:52 -0700},
	Doi = {http://doi.acm.org/10.1145/1181775.1181777},
	Isbn = {1-59593-468-5},
	Keywords = {IDE, degree-of-interest, interaction history, program views, task management},
	Location = {Portland, Oregon, USA},
	Numpages = {11},
	Pages = {1--11},
	Publisher = {ACM},
	Series = {SIGSOFT '06/FSE-14},
	Title = {Using task context to improve programmer productivity},
	Url = {http://doi.acm.org/10.1145/1181775.1181777},
	Year = {2006},
	Bdsk-Url-1 = {http://doi.acm.org/10.1145/1181775.1181777}}

@inproceedings{Servant:2010,
	Acmid = {1833317},
	Address = {New York, NY, USA},
	Author = {Servant, Francisco and Jones, James A. and van der Hoek, Andr\'{e}},
	Booktitle = {Proceedings of the 2010 ICSE Workshop on Cooperative and Human Aspects of Software Engineering},
	Date-Added = {2011-05-03 05:04:54 -0700},
	Date-Modified = {2011-05-03 05:04:54 -0700},
	Doi = {http://doi.acm.org/10.1145/1833310.1833317},
	Isbn = {978-1-60558-966-4},
	Keywords = {conflicts, parallel work, software configuration management, software visualization, workspace awareness},
	Location = {Cape Town, South Africa},
	Numpages = {8},
	Pages = {39--46},
	Publisher = {ACM},
	Series = {CHASE '10},
	Title = {CASI: preventing indirect conflicts through a live visualization},
	Url = {http://doi.acm.org/10.1145/1833310.1833317},
	Year = {2010},
	Bdsk-Url-1 = {http://doi.acm.org/10.1145/1833310.1833317}}

@inproceedings{Reilly:2005,
	Acmid = {1056026},
	Address = {New York, NY, USA},
	Author = {O'Reilly, Ciaran and Bustard, David and Morrow, Philip},
	Booktitle = {Proceedings of the 2005 ACM symposium on Software visualization},
	Date-Added = {2011-05-03 04:32:16 -0700},
	Date-Modified = {2011-05-03 04:32:16 -0700},
	Doi = {http://doi.acm.org/10.1145/1056018.1056026},
	Isbn = {1-59593-073-6},
	Keywords = {coordination, representation, visualization},
	Location = {St. Louis, Missouri},
	Numpages = {9},
	Pages = {57--65},
	Publisher = {ACM},
	Series = {SoftVis '05},
	Title = {The war room command console: shared visualizations for inclusive team coordination},
	Url = {http://doi.acm.org/10.1145/1056018.1056026},
	Year = {2005},
	Bdsk-Url-1 = {http://doi.acm.org/10.1145/1056018.1056026}}

@inproceedings{Bajracharya:2009,
	Acmid = {1556984},
	Address = {Washington, DC, USA},
	Author = {Bajracharya, Sushil and Ossher, Joel and Cristina Lopes,},
	Booktitle = {Proceedings of the 2009 ICSE Workshop on Search-Driven Development-Users, Infrastructure, Tools and Evaluation},
	Date-Added = {2011-05-03 02:40:38 -0700},
	Date-Modified = {2011-05-03 02:40:50 -0700},
	Doi = {http://dx.doi.org/10.1109/SUITE.2009.5070010},
	Isbn = {978-1-4244-3740-5},
	Numpages = {4},
	Pages = {1--4},
	Publisher = {IEEE Computer Society},
	Series = {SUITE '09},
	Title = {Sourcerer: An internet-scale software repository},
	Url = {http://dx.doi.org/10.1109/SUITE.2009.5070010},
	Year = {2009},
	Bdsk-Url-1 = {http://dx.doi.org/10.1109/SUITE.2009.5070010}}

@inproceedings{Speier:1997,
	Acmid = {353080},
	Address = {Atlanta, GA, USA},
	Author = {Speier, Cheri and Valacich, Joseph S. and Vessey, Iris},
	Booktitle = {Proceedings of the eighteenth international conference on Information systems},
	Date-Added = {2011-05-03 01:03:54 -0700},
	Date-Modified = {2011-05-03 01:04:23 -0700},
	Keywords = {decision making, decision support systems, information presentation formats, interruptions},
	Location = {Atlanta, Georgia, United States},
	Numpages = {16},
	Pages = {21--36},
	Publisher = {Association for Information Systems},
	Series = {ICIS '97},
	Title = {The effects of task interruption and information presentation on individual decision making},
	Url = {http://portal.acm.org/citation.cfm?id=353071.353080},
	Year = {1997},
	Bdsk-Url-1 = {http://portal.acm.org/citation.cfm?id=353071.353080}}

@periodical{Gallop:1996,
	Author = {S. Gallop },
	Date-Added = {2011-05-02 17:12:25 -0700},
	Date-Modified = {2011-05-02 17:15:05 -0700},
	Journal = {Journal of Behavioral Optometry},
	Pages = {151},
	Title = {Peripheral Visual Awareness: The Central Issue},
	Volume = {7},
	Year = {1996}}

@inproceedings{daSilva:2006,
	Acmid = {1188838},
	Address = {New York, NY, USA},
	Author = {da Silva, Isabella A. and Chen, Ping H. and Van der Westhuizen, Christopher and Ripley, Roger M. and van der Hoek, Andr\'{e}},
	Booktitle = {Proceedings of the 2006 OOPSLA workshop on eclipse technology eXchange},
	Date-Added = {2011-04-11 16:28:47 -0700},
	Date-Modified = {2011-04-11 16:29:02 -0700},
	Doi = {http://doi.acm.org/10.1145/1188835.1188838},
	Isbn = {1-59593-621-1},
	Keywords = {abstraction, awareness, coordination, design, emerging design, reverse-engineering},
	Location = {Portland, Oregon},
	Numpages = {5},
	Pages = {11--15},
	Publisher = {ACM},
	Series = {eclipse '06},
	Title = {Lighthouse: coordination through emerging design},
	Url = {http://doi.acm.org/10.1145/1188835.1188838},
	Year = {2006},
	Bdsk-Url-1 = {http://doi.acm.org/10.1145/1188835.1188838}}

@book{DeMarco:1987:PPP:31844,
	Address = {New York, NY, USA},
	Author = {DeMarco, Tom and Lister, Timothy},
	Date-Added = {2011-03-15 23:05:47 -0700},
	Date-Modified = {2011-03-15 23:05:47 -0700},
	Isbn = {0-932633-05-6},
	Publisher = {Dorset House Publishing Co., Inc.},
	Title = {Peopleware: productive projects and teams},
	Year = {1987}}

@article{Gutwin:1999:EWA,
	Acmid = {329696},
	Address = {New York, NY, USA},
	Author = {Gutwin, Carl and Greenberg, Saul},
	Date-Added = {2011-03-15 23:04:21 -0700},
	Date-Modified = {2011-03-15 23:04:30 -0700},
	Doi = {http://doi.acm.org/10.1145/329693.329696},
	Issn = {1073-0516},
	Issue = {3},
	Journal = {ACM Trans. Comput.-Hum. Interact.},
	Keywords = {computer-supported cooperative work, real-time distibuted groupware, usability, workspace awareness},
	Month = {September},
	Numpages = {39},
	Pages = {243--281},
	Publisher = {ACM},
	Title = {The effects of workspace awareness support on the usability of real-time distributed groupware},
	Url = {http://doi.acm.org/10.1145/329693.329696},
	Volume = {6},
	Year = {1999},
	Bdsk-Url-1 = {http://doi.acm.org/10.1145/329693.329696}}

@article{Omoronyia:2010:RAD,
	Acmid = {1890755},
	Address = {New York, NY, USA},
	Author = {Omoronyia, Inah and Ferguson, John and Roper, Marc and Wood, Murray},
	Date-Added = {2011-03-15 23:03:32 -0700},
	Date-Modified = {2011-03-15 23:03:49 -0700},
	Doi = {http://dx.doi.org/10.1002/spe.v40:12},
	Issn = {0038-0644},
	Issue = {12},
	Journal = {Softw. Pract. Exper.},
	Keywords = {context awareness, distributed teamwork, empirical studies, global software development},
	Month = {November},
	Numpages = {27},
	Pages = {1107--1133},
	Publisher = {John Wiley \& Sons, Inc.},
	Title = {A review of awareness in distributed collaborative software engineering},
	Url = {http://dx.doi.org/10.1002/spe.v40:12},
	Volume = {40},
	Year = {2010},
	Bdsk-Url-1 = {http://dx.doi.org/10.1002/spe.v40:12}}

@inproceedings{Proenca:2009:UED,
	Acmid = {1881972},
	Address = {Berlin, Heidelberg},
	Author = {Proenca, Tiago and Moura, Nilmax Teones and Van Der Hoek, Andr\'{e}},
	Booktitle = {Proceedings of the 2009 international conference on New frontiers in artificial intelligence},
	Date-Added = {2011-03-15 23:02:35 -0700},
	Date-Modified = {2011-03-15 23:02:45 -0700},
	Isbn = {3-642-14887-5, 978-3-642-14887-3},
	Location = {Tokyo, Japan},
	Numpages = {11},
	Pages = {124--134},
	Publisher = {Springer-Verlag},
	Series = {JSAI-isAI'09},
	Title = {On the use of emerging design as a basis for knowledge collaboration},
	Url = {http://portal.acm.org/citation.cfm?id=1881958.1881972},
	Year = {2010},
	Bdsk-Url-1 = {http://portal.acm.org/citation.cfm?id=1881958.1881972}}

@inproceedings{Sarma:2003:PRA,
	Acmid = {776870},
	Address = {Washington, DC, USA},
	Author = {Sarma, Anita and Noroozi, Zahra and van der Hoek, Andr\'{e}},
	Booktitle = {Proceedings of the 25th International Conference on Software Engineering},
	Date-Added = {2011-03-15 23:01:52 -0700},
	Date-Modified = {2011-03-15 23:06:41 -0700},
	Isbn = {0-7695-1877-X},
	Location = {Portland, Oregon},
	Numpages = {11},
	Pages = {444--454},
	Publisher = {IEEE Computer Society},
	Series = {ICSE '03},
	Title = {Palant\'{i}r: raising awareness among configuration management workspaces},
	Url = {http://portal.acm.org/citation.cfm?id=776816.776870},
	Year = {2003},
	Bdsk-Url-1 = {http://portal.acm.org/citation.cfm?id=776816.776870}}

@article{AnitaPiramide,
	Address = {Los Alamitos, CA, USA},
	Author = {Anita Sarma and Andre Van der Hoek and David Redmiles},
	Date-Added = {2011-03-15 22:59:37 -0700},
	Date-Modified = {2011-03-15 22:59:48 -0700},
	Doi = {http://doi.ieeecomputersociety.org/10.1109/MC.2010.90},
	Issn = {0018-9162},
	Journal = {Computer},
	Number = {PrePrints},
	Publisher = {IEEE Computer Society},
	Title = {The Coordination Pyramid: A Perspective on the State of the Art in Coordination Technology},
	Volume = {99},
	Year = {2010},
	Bdsk-Url-1 = {http://doi.ieeecomputersociety.org/10.1109/MC.2010.90}}

@article{Dewan93towardscomputer-supported,
	Author = {Prasun Dewan and John Riedl},
	Date-Added = {2011-03-15 22:57:09 -0700},
	Date-Modified = {2011-03-15 22:57:09 -0700},
	Journal = {IEEE Computer},
	Pages = {17--27},
	Title = {Towards Computer-Supported Concurrent Software Engineering},
	Volume = {26},
	Year = {1993}}

@inproceedings{Treude:2009:THB,
	Acmid = {1555018},
	Address = {Washington, DC, USA},
	Author = {Treude, Christoph and Storey, Margaret-Anne},
	Booktitle = {Proceedings of the 31st International Conference on Software Engineering},
	Date-Added = {2011-03-15 22:53:09 -0700},
	Date-Modified = {2011-03-15 22:53:19 -0700},
	Doi = {http://dx.doi.org/10.1109/ICSE.2009.5070504},
	Isbn = {978-1-4244-3453-4},
	Numpages = {11},
	Pages = {12--22},
	Publisher = {IEEE Computer Society},
	Series = {ICSE '09},
	Title = {How tagging helps bridge the gap between social and technical aspects in software development},
	Url = {http://dx.doi.org/10.1109/ICSE.2009.5070504},
	Year = {2009},
	Bdsk-Url-1 = {http://dx.doi.org/10.1109/ICSE.2009.5070504}}

@inproceedings{Lanza:2001:EMR,
	Acmid = {602467},
	Address = {New York, NY, USA},
	Author = {Lanza, Michele},
	Booktitle = {Proceedings of the 4th International Workshop on Principles of Software Evolution},
	Date-Added = {2011-03-15 22:50:22 -0700},
	Date-Modified = {2011-03-15 22:50:32 -0700},
	Doi = {http://doi.acm.org/10.1145/602461.602467},
	Isbn = {1-58113-508-4},
	Keywords = {reverse engineering, software metrics, software visualization},
	Location = {Vienna, Austria},
	Numpages = {6},
	Pages = {37--42},
	Publisher = {ACM},
	Series = {IWPSE '01},
	Title = {The evolution matrix: recovering software evolution using software visualization techniques},
	Url = {http://doi.acm.org/10.1145/602461.602467},
	Year = {2001},
	Bdsk-Url-1 = {http://doi.acm.org/10.1145/602461.602467}}

@inproceedings{Lougher:1993:SLC,
	Acmid = {168581},
	Address = {New York, NY, USA},
	Author = {Lougher, Robert and Rodden, Tom},
	Booktitle = {Proceedings of the conference on Organizational computing systems},
	Date-Added = {2011-03-15 22:49:13 -0700},
	Date-Modified = {2011-03-15 22:49:24 -0700},
	Doi = {http://doi.acm.org/10.1145/168555.168581},
	Isbn = {0-89791-627-1},
	Keywords = {annotative collaboration, hypertext, software maintenance, support for long-term collaboration},
	Location = {Milpitas, California, United States},
	Numpages = {11},
	Pages = {228--238},
	Publisher = {ACM},
	Series = {COCS '93},
	Title = {Supporting long-term collaboration in software maintenance},
	Url = {http://doi.acm.org/10.1145/168555.168581},
	Year = {1993},
	Bdsk-Url-1 = {http://doi.acm.org/10.1145/168555.168581}}

@inproceedings{Grechanik:2010:BG,
	Acmid = {1882394},
	Address = {New York, NY, USA},
	Author = {Grechanik, Mark and Jones, James A. and Orso, Alessandro and van der Hoek, Andr\'{e}},
	Booktitle = {Proceedings of the FSE/SDP workshop on Future of software engineering research},
	Date-Added = {2011-03-15 22:47:36 -0700},
	Date-Modified = {2011-03-15 22:48:17 -0700},
	Doi = {http://doi.acm.org/10.1145/1882362.1882394},
	Isbn = {978-1-4503-0427-6},
	Keywords = {distributed software development, global software engineering, software test centers},
	Location = {Santa Fe, New Mexico, USA},
	Numpages = {6},
	Pages = {149--154},
	Publisher = {ACM},
	Series = {FoSER '10},
	Title = {Bridging gaps between developers and testers in globally-distributed software development},
	Url = {http://doi.acm.org/10.1145/1882362.1882394},
	Year = {2010},
	Bdsk-Url-1 = {http://doi.acm.org/10.1145/1882362.1882394}}

@inproceedings{Chen:2006,
	Acmid = {1137626},
	Address = {New York, NY, USA},
	Author = {Van der Westhuizen, Christopher and Chen, Ping H. and van der Hoek, Andr\'{e}},
	Booktitle = {Proceedings of the 2006 international workshop on Role of abstraction in software engineering},
	Date-Added = {2011-03-14 17:00:14 -0700},
	Date-Modified = {2011-03-14 17:00:40 -0700},
	Doi = {http://doi.acm.org/10.1145/1137620.1137626},
	Isbn = {1-59593-401-4},
	Keywords = {abstraction, awareness, coordination, design, emerging design, reverse engineering},
	Location = {Shanghai, China},
	Numpages = {6},
	Pages = {23--28},
	Publisher = {ACM},
	Series = {ROA '06},
	Title = {Emerging design: new roles and uses for abstraction},
	Url = {http://doi.acm.org/10.1145/1137620.1137626},
	Year = {2006},
	Bdsk-Url-1 = {http://doi.acm.org/10.1145/1137620.1137626}}

@proceedings{Booch:2003,
	Author = {G. Booch and A Brown},
	Date-Added = {2011-03-14 15:14:21 -0700},
	Date-Modified = {2011-03-14 15:18:13 -0700},
	Journal = {Advances in Computers},
	Month = {August},
	Publisher = {Academic Press},
	Title = {Collaborative Development Enviroments},
	Volume = {59},
	Year = {2003}}

@inproceedings{Cheng:2003,
	Acmid = {965670},
	Address = {New York, NY, USA},
	Author = {Cheng, Li-Te and Hupfer, Susanne and Ross, Steven and Patterson, John},
	Booktitle = {Proceedings of the 2003 OOPSLA workshop on eclipse technology eXchange},
	Date-Added = {2011-03-14 15:07:02 -0700},
	Date-Modified = {2011-03-14 15:07:34 -0700},
	Doi = {http://doi.acm.org/10.1145/965660.965670},
	Location = {Anaheim, California},
	Numpages = {5},
	Pages = {45--49},
	Publisher = {ACM},
	Series = {eclipse '03},
	Title = {Jazzing up Eclipse with collaborative tools},
	Url = {http://doi.acm.org/10.1145/965660.965670},
	Year = {2003},
	Bdsk-Url-1 = {http://doi.acm.org/10.1145/965660.965670}}
